<record><leader>00000cas a2200000 a 4500</leader><controlfield tag="001">34872335</controlfield><controlfield tag="008">960605d191819uumiuwr ne      0    0eng c</controlfield><datafield ind1=" " ind2=" " tag="010"><subfield code="a">sn 96076670 </subfield></datafield><datafield ind1=" " ind2=" " tag="040"><subfield code="a">MHN</subfield><subfield code="b">eng</subfield><subfield code="c">MHN</subfield><subfield code="d">OCL</subfield><subfield code="d">OCLCQ</subfield><subfield code="d">OCLCF</subfield><subfield code="d">OCLCO</subfield></datafield><datafield ind1="1" ind2=" " tag="029"><subfield code="a">AU@</subfield><subfield code="b">000012570438</subfield></datafield><datafield ind1=" " ind2=" " tag="042"><subfield code="a">pcc</subfield></datafield><datafield ind1=" " ind2=" " tag="043"><subfield code="a">n-us-mi</subfield></datafield><datafield ind1="0" ind2=" " tag="130"><subfield code="a">Osceola County herald (Reed City, Mich. : 1918)</subfield></datafield><datafield ind1="1" ind2="0" tag="245"><subfield code="a">Osceola County herald.</subfield></datafield><datafield ind1=" " ind2=" " tag="260"><subfield code="a">Reed City, Mich. :</subfield><subfield code="b">A.W. Huckle</subfield></datafield><datafield ind1=" " ind2=" " tag="300"><subfield code="a">v.</subfield></datafield><datafield ind1=" " ind2=" " tag="310"><subfield code="a">Weekly</subfield></datafield><datafield ind1="0" ind2=" " tag="362"><subfield code="a">32nd yr., no. 41 (May 2, 1918- ; -no. 52 (May 9, 1974) ; no. 1 (May 16, 1974)-no. 5 (June 13, 1974) ; v. 102, no. 3 (June 20, 1974)-v. 107, no. 22 (Nov. 9, 1978) ; Nov. 16, 1978-</subfield></datafield><datafield ind1=" " ind2=" " tag="515"><subfield code="a">Issues also called: 32nd yr., no. 41 (May 2, 1918)-&lt;66th yr., no. 27 (Dec. 29, 1938)&gt; ; &lt;no. 34 (Jan 3, 1974)&gt;-no. 52 (May 9, 1974) ; no. 1 (May 16, 1974)-no. 5 (June 13, 1974) ; v. 102, no. 3 (June 20, 1974)-v. 107, no. 22 (nov. 9, 1978) ; Nov. 16, 1978-</subfield></datafield><datafield ind1=" " ind2=" " tag="580"><subfield code="a">Merged with: Reed City news, to form: Herald-news (Big rapids, Mich.).</subfield></datafield><datafield ind1=" " ind2="0" tag="651"><subfield code="a">Reed City (Mich.)</subfield><subfield code="v">Newspapers.</subfield></datafield><datafield ind1=" " ind2="0" tag="651"><subfield code="a">Osceola County (Mich.)</subfield><subfield code="v">Newspapers.</subfield></datafield><datafield ind1=" " ind2="7" tag="655"><subfield code="a">Newspapers.</subfield><subfield code="2">fast</subfield><subfield code="0">(OCoLC)fst01423814</subfield></datafield><datafield ind1=" " ind2="7" tag="651"><subfield code="a">Michigan</subfield><subfield code="z">Osceola County.</subfield><subfield code="2">fast</subfield><subfield code="0">(OCoLC)fst01214749</subfield></datafield><datafield ind1=" " ind2="7" tag="651"><subfield code="a">Michigan</subfield><subfield code="z">Reed City.</subfield><subfield code="2">fast</subfield><subfield code="0">(OCoLC)fst01219732</subfield></datafield><datafield ind1=" " ind2=" " tag="752"><subfield code="a">United States</subfield><subfield code="b">Michigan</subfield><subfield code="c">Osceola</subfield><subfield code="d">Reed City.</subfield></datafield><datafield ind1="0" ind2="0" tag="780"><subfield code="t">Osceola County herald-clarion</subfield><subfield code="w">(DLC)sn 96076669</subfield><subfield code="w">(OCoLC)34870497</subfield></datafield><datafield ind1="1" ind2="7" tag="785"><subfield code="t">Reed City news</subfield></datafield><datafield ind1="1" ind2="7" tag="785"><subfield code="t">Herald-news (Big Rapids, Mich.)</subfield><subfield code="w">(DLC)sn 96076671</subfield><subfield code="w">(OCoLC)34872536</subfield></datafield></record>